<record><leader>00000cas a2200000 a 4500</leader><controlfield tag="001">25423277</controlfield><controlfield tag="008">920310d19741982iluwr ne      0   a0eng c</controlfield><datafield ind1=" " ind2=" " tag="010"><subfield code="a">sn 92053805 </subfield></datafield><datafield ind1=" " ind2=" " tag="040"><subfield code="a">NVF</subfield><subfield code="b">eng</subfield><subfield code="c">NVF</subfield><subfield code="d">OCLCQ</subfield><subfield code="d">NVF</subfield><subfield code="d">OCLCQ</subfield><subfield code="d">NVF</subfield><subfield code="d">OCLCO</subfield><subfield code="d">OCLCF</subfield></datafield><datafield ind1="1" ind2=" " tag="029"><subfield code="a">AU@</subfield><subfield code="b">000041710107</subfield></datafield><datafield ind1=" " ind2=" " tag="042"><subfield code="a">pcc</subfield></datafield><datafield ind1=" " ind2=" " tag="043"><subfield code="a">n-us-il</subfield></datafield><datafield ind1="0" ind2=" " tag="130"><subfield code="a">Register (Sandoval, Ill.)</subfield></datafield><datafield ind1="1" ind2="4" tag="245"><subfield code="a">The register.</subfield></datafield><datafield ind1=" " ind2=" " tag="260"><subfield code="a">Sandoval, Ill. :</subfield><subfield code="b">William D. Resch,</subfield><subfield code="c">1974-1982.</subfield></datafield><datafield ind1=" " ind2=" " tag="300"><subfield code="a">v.</subfield></datafield><datafield ind1=" " ind2=" " tag="310"><subfield code="a">Weekly</subfield></datafield><datafield ind1="0" ind2=" " tag="362"><subfield code="a">Vol. 1, no. 1 (Mar. 28, 1974) ; v. 66, no. 31 (Apr. 4, 1974)-v. 76, no. 7 (Oct. 7, 1982).</subfield></datafield><datafield ind1=" " ind2=" " tag="580"><subfield code="a">Formed by the union of: Patoka register, and: Tri-community reporter.</subfield></datafield><datafield ind1=" " ind2="0" tag="651"><subfield code="a">Sandoval (Ill.)</subfield><subfield code="v">Newspapers.</subfield></datafield><datafield ind1=" " ind2="7" tag="655"><subfield code="a">Newspapers.</subfield><subfield code="2">fast</subfield><subfield code="0">(OCoLC)fst01423814</subfield></datafield><datafield ind1=" " ind2="7" tag="651"><subfield code="a">Illinois</subfield><subfield code="z">Sandoval.</subfield><subfield code="2">fast</subfield><subfield code="0">(OCoLC)fst01888031</subfield></datafield><datafield ind1=" " ind2=" " tag="752"><subfield code="a">United States</subfield><subfield code="b">Illinois</subfield><subfield code="c">Marion County</subfield><subfield code="d">Sandoval.</subfield></datafield><datafield ind1="1" ind2="4" tag="780"><subfield code="t">Patoka register</subfield><subfield code="w">(DLC)sn 92053803</subfield><subfield code="w">(OCoLC)25423111</subfield></datafield><datafield ind1="1" ind2="4" tag="780"><subfield code="t">Tri-community reporter</subfield><subfield code="w">(DLC)sn 92053804</subfield><subfield code="w">(OCoLC)25423179</subfield></datafield><datafield ind1="0" ind2="0" tag="785"><subfield code="t">Marion County ledger-star</subfield><subfield code="w">(DLC)sn 92053806</subfield><subfield code="w">(OCoLC)25423351</subfield></datafield></record>